@ARTICLE{unet15,
    author = {{Ronneberger} , Olaf and {Fischer} , Philipp and {Brox} , Thomas},
    title = "{U-Net: Convolutional Networks for Biomedical Image Segmentation}",
    journal = {arXiv:1505.04597},
    keywords = {Computer Science - Computer Vision and Pattern Recognition},
    year = 2015,
    month = may,
},
@MISC{isbi_challenge,
    title = "{ISBI Challenge: Segmentation of neuronal structures in EM stacks}",
    note = {\url{http://brainiac2.mit.edu/isbi_challenge/}},
    year = 2012,
    month = may,
},
@book{DLbook16,
    title = "{Deep Learning}",
    author = {Ian Goodfellow and Yoshua Bengio and Aaron Courville},
    publisher = {MIT Press},
    note = {\url {http://www.deeplearningbook.org}},
    year = {2016}
},
@misc{stanford_convnet,
    title = "{Convolutional Neural Networks for Visual Recognition}",
    author = {Stanford University},
    note = {Retrieved from \url{https://cs231n.github.io/}},
    year = 2020,
    month = april,
},
@misc{feu_fas,
    title = "{Flugassistenzsysteme - Forschungsbereich Notlandeassistenzsysteme}",
    author = {FernUniversität Hagen},
    note = {Retrieved from \url{https://www.fernuni-hagen.de/rechnerarchitektur/forschung/fas.shtml}},
    year = 2020,
    month = april,
},
@misc{feu_elfi,
    title = "{Emergency Landing Field Identification (ELFI)}",
    author = {FernUniversität Hagen},
    note = {Retrieved from \url{https://www.fernuni-hagen.de/rechnerarchitektur/forschung/fas-elfi.shtml}},
    year = 2020,
    month = april,
}
